<?xml version="1.0" encoding="UTF-8"?><record xmlns="http://www.loc.gov/MARC21/slim" xmlns:cinclude="http://apache.org/cocoon/include/1.0" xmlns:zs="http://www.loc.gov/zing/srw/">
  <leader>00401nz  a2200121n  4500</leader>
  <controlfield tag="001">n 2009161706</controlfield>
  <controlfield tag="003">DLC</controlfield>
  <controlfield tag="005">20090407075159.0</controlfield>
  <controlfield tag="008">090406n| acannaabn          |n ana      </controlfield>
  <datafield tag="010" ind1=" " ind2=" ">
    <subfield code="a">n 2009161706</subfield>
  </datafield>
  <datafield tag="040" ind1=" " ind2=" ">
    <subfield code="a">DLC</subfield>
    <subfield code="b">eng</subfield>
    <subfield code="c">DLC</subfield>
  </datafield>
  <datafield tag="110" ind1="2" ind2=" ">
    <subfield code="a">Dallas Coal Company (Huntington, Ark.)</subfield>
  </datafield>
  <datafield tag="670" ind1=" " ind2=" ">
    <subfield code="a">NUCMC data from Arkansas History Commission for Its Stock certificate, ca. 1910s</subfield>
    <subfield code="b">(Dallas Coal Company; Huntington, Ark.)</subfield>
  </datafield>
</record>